@misc{workNature:1,
        URL = "https://www.academicinvest.com/science-careers/physics-careers/how-to-become-a-nuclear-physicist",
        NOTE="Academic Invest",
        TITLE="How to Become a Nuclear Physicist",
        YEAR="2019"
}

@misc{educReq,
        URL = "https://www.careerigniter.com/careers/nuclear-physicist/",
        NOTE="CareerIgniter",
        TITLE="What is Nuclear Physics?",
        YEAR="2014"}

@misc{oneStop,
        URL = "https://www.careeronestop.org/Toolkit/Careers/Occupations/occupation-profile.aspx?keyword=Nuclear\%20Engineers&onetcode=17216100&location=UNITED\%20STATES",
        NOTE="CareerOneStop",
        TITLE="Nuclear Engineers $-$ Occupation Profile",
        NOTE="Accessed 03/23/2020",
        YEAR="2018"}
        
@misc{Naviance:1,
        URL = "https://student.naviance.com/colleges/profiles/80cfc0f4-38ad-40f5-80ff-c9d8580ef98a#!/Overview",
        NOTE="Naviance",
        TITLE="Oregon State University Overview",
        YEAR="2020"}
        
@misc{Naviance:2,
        URL = "https://student.naviance.com/colleges/profiles/c78c1577-2ffe-46a0-89d7-3824521b6110#!/Overview",
        NOTE="Naviance",
        TITLE="Massachusetts Institute of Technology Overview",
        YEAR="2020"}
        
@misc{MIT,
        URL="http://gradadmissions.mit.edu/costs-funding/expenses",
        NOTE="MIT Admissions",
        TITLE="MIT Graduate Admissions",
        YEAR="2020"}
        