@misc{workNature:1,
        URL = "https://www.academicinvest.com/science-careers/physics-careers/how-to-become-a-nuclear-physicist",
        NOTE="Academic Invest",
        TITLE="How to Become a Nuclear Physicist",
        YEAR="2019"
}

@misc{educReq,
        URL = "https://www.careerigniter.com/careers/nuclear-physicist/",
        NOTE="CareerIgniter",
        TITLE="What is Nuclear Physics?",
        YEAR="2014"}

@misc{oneStop,
        URL = "https://www.careeronestop.org/Toolkit/Careers/Occupations/occupation-profile.aspx?keyword=Nuclear\%20Engineers&onetcode=17216100&location=UNITED\%20STATES",
        NOTE="CareerOneStop",
        TITLE="Nuclear Engineers $-$ Occupation Profile",
        NOTE="Accessed 03/23/2020",
        YEAR="2018"}